@inproceedings{mpadams2013,
author={Michael P. Adams et al},
title={Provably Optimal Parallel Transport Sweeps on Regular Grids},
booktitle={International Conference on Mathematics and Computational Methods Applied to Nuclear Science \& Engineering},
year={2013}
}

