% Encoding: windows-1252

@inproceedings{mpadams2013,
author={Michael P. Adams et al},
title={Provably Optimal Parallel Transport Sweeps on Regular Grids},
booktitle={International Conference on Mathematics and Computational Methods Applied to Nuclear Science \& Engineering},
year={2013}
}

@inproceedings{mpadams2015,
author= {M.P. Adams et al},
title = {Provably Optimal Parallel Transport Sweeps with Non-Contiguous Partitions},
booktitle={ANS MC2015-Joint International Conference on Mathematics and Computation (M\&C), Supercomputing in Nuclear Applications (SNA) and the Monte Carlo (MC) Method},
year={2015}
}

@inproceedings{sceptre,
author="Shawn Pautz et al.",
title={Parallel Discrete Ordinates Methods in the Sceptre Project},
booktitle={International Conference on Mathematics, Computational Methods \& Reactor Physics},
year={2009}
}

@article{kumar,
author = {V.S. Anil Kumar et al.},
title = {Provable algorithms for parallel generalized sweep scheduling},
journal={Journal of Parallel and Distributed Computing},
year = {2006},
volume = {66},
pages = {807-821}
}

@article{Pautz,
author = {Shawn D. Pautz},
title = {An Algorithm For Parallel Sn Sweeps on Unstructured Meshes},
journal = {Los Alamos National Laboratory Publications},
volume = {LA-UR-01-1420}
}

@article{KBA,
author = "Randal S. Baker \& Kenneth R. Koch",
title = {An S$_n$ Algorithm for the Massively Parallel CM-200 Computer},
journal = {Nuclear Science and Engineering},
year = {1998},
month = {March},
volume = {128}
}

@article{denovo,
author = "Thomas M. Evans et al.",
title = "Denovo: A New Three-Dimensional Parallel Discrete Ordinates Code in Scale",
journal = "Nuclear Technology",
year = {2010},
volume = {171},
pages = {171-200}
}

@book{fd,
author = "Christian Grossman and Hans-Gorg Roos",
title = "Numerical Treatment of Partial Differential Equations",
publisher = "Springer",
year = "2007",
}

@article{Reed,
author = "W. H. Reed and T. R. Hill",
title = "Triangular Mesh Methods for the Neutron Transport Equation",
journal = {Los Alamos National Laboratory Publications},
volume = {LA-UR-73-379}
}

@techreport{partisn,
title={PARTISN manual},
author={Alcouffe, RE and Baker, RS and Turner, SA and Dahl, JA},
year={2002},
 institution={LA-UR-02-5633, Los Alamos National Laboratory}
}

@incollection{triangle,
author = {Jonathan Richard Shewchuk},
title = {Triangle:  {E}ngineering a {2D} {Q}uality {M}esh {G}enerator and {D}elaunay {T}riangulator},
booktitle = {Applied Computational Geometry:  Towards Geometric Engineering},
editor = {Ming C. Lin and Dinesh Manocha},
series = {Lecture Notes in Computer Science},
volume = 1148,
publisher = {Springer-Verlag},
pages = {203--222},
month = may,
year = 1996,
note = {From the First ACM Workshop on Applied Computational Geometry}
}

@article{PautzBailey,
author={Shawn D. Pautz \& Teresa S. Bailey},
title={Parallel Deterministic Transport Sweeps of Structured and Unstructured Meshes with Overloaded Mesh Decompositions},
journal={Nuclear Science and Engineering},
year={2017},
volume={185},
pages={70-77}
}

@article{pwld_ragusa,
  title={Discontinuous finite element solution of the radiation diffusion equation on arbitrary polygonal meshes and locally adapted quadrilateral grids},
  author={Ragusa, Jean C},
  journal={Journal of Computational Physics},
  volume={280},
  pages={195--213},
  year={2015},
  publisher={Elsevier}
}


@article{pwld_teresa,
  title={A Piecewise Linear Discontinuous Finite Element Spatial Discretization of the $S_N$ Transport Equation for Polyhedral Grids in 3D Cartesian Geometry},
  author={T. S. Bailey and M. L. Adams and B. Yang and M. R. Zika},
  year={2008},
  journal={Journal of Computational Physics},
  volume={227},
  pages={3738--3757}
}

@article{degenerate,
title = "A new linear algorithm for intersecting convex polygons",
journal = "Computer Graphics and Image Processing",
volume = "19",
number = "4",
pages = "384 - 391",
year = "1982",
issn = "0146-664X",
doi = "https://doi.org/10.1016/0146-664X(82)90023-5",
url = "http://www.sciencedirect.com/science/article/pii/0146664X82900235",
author = "Joseph O'Rourke and Chi-Bin Chien and Thomas Olson and David Naddor",
}

@mastersthesis{mastersthesis,
author={Tarek Habib Ghaddar},
title={Load Balancing Unstructured Meshes for Massively Parallel Transport Sweeps},
school={Texas A\&M University},
year={2016},
month={May},
}

@inproceedings{mc2017,
title={An Approach for Load Balancing Massively Parallel Transport Sweeps on Unstructured Grids},
author={Tarek H. Ghaddar and Jean C. Ragusa},
booktitle={M\&C 2017- International Conference on Mathematics \& Computational Methods Applied to Nuclear Science \& Engineering},
year={2017}
}


@article{basinhoppingwales,
author = {Wales, David J. and Doye, Jonathan P. K.},
title = {Global Optimization by Basin-Hopping and the Lowest Energy Structures of Lennard-Jones Clusters Containing up to 110 Atoms},
journal = {The Journal of Physical Chemistry A},
volume = {101},
number = {28},
pages = {5111-5116},
year = {1997},
doi = {10.1021/jp970984n},
URL = { 
        https://doi.org/10.1021/jp970984n   
},
eprint = { 
        https://doi.org/10.1021/jp970984n
}
}

@book{graphtheory,
author={V. K. Balakrishnan},
title={Graph Theory},
year={1997},
publisher={McGraw-Hill}
}

@book{intro_to_alg,
author={Thomas H. Cormen and Charles E. Leserson and Ronal L. Rivest and Clifford Stein},
title={Introduction to Algorithms},
year={2001},
publisher={MIT Press and Mcgraw-Hill},
}

@article{johnson_nist,
author={Paul E. Black},
title={Johnson's algorithm},
journal={Dictionary of Algorithms and Data Structures [online]},
year={2004}
}

@article{johnson_johnson,
author={Donald B. Johnson},
title={Efficient algorithms for shortest paths in sparse networks},
journal={Journal of the ACM},
year={1977},
number={24}
}

@Misc{scipy,
author =    {Eric Jones and Travis Oliphant and Pearu Peterson and others},
title =     {{SciPy}: Open source scientific tools for {Python}},
year =      {2001--},
url = "http://www.scipy.org/",
note = {[Online]}
}

@manual{quartz,
  title = {Quartz},
  url = {https://hpc.llnl.gov/hardware/platforms/Quartz}
}


@Comment{jabref-meta: databaseType:bibtex;}
