@inproceedings{mpadams2013,
author={Michael P. Adams et al},
title={Provably Optimal Parallel Transport Sweeps on Regular Grids},
booktitle={International Conference on Mathematics and Computational Methods Applied to Nuclear Science \& Engineering},
year={2013}
}

@article{kumar,
author = {V.S. Anil Kumar et al.},
title = {Provable algorithms for parallel generalized sweep scheduling},
journal={Journal of Parallel and Distributed Computing},
year = {2006},
volume = {66},
pages = {807-821}
}