%% This BibTeX bibliography file was created using BibDesk.
%% http://bibdesk.sourceforge.net/


%% Created for Ade, Brian J. at 2011-09-20 09:06:41 -0400 


%% Saved with string encoding Unicode (UTF-8) 



@url{website,
	Date-Added = {2011-09-20 09:03:30 -0400},
	Date-Modified = {2011-09-20 09:04:56 -0400},
	Title = {{Spallation Neutron Source: The next-generation neutron-scattering facility for the United States}},
	Url = {http://www.sns.gov/documentation/sns_brochure.pdf},
	Urldate = {2002},
	Year = {2002}}

@book{book,
	Address = {City and Country},
	Author = {E. F. Author},
	Date-Added = {2011-09-20 09:02:16 -0400},
	Date-Modified = {2011-09-20 09:03:24 -0400},
	Publisher = {Publisher},
	Title = {Book Title in Italic},
	Year = {19xx}}

@conference{proc_paper,
	Address = {Locations},
	Author = {C. D. Author(s)},
	Booktitle = {Proceedings of Meeting in Italic},
	Date-Added = {2011-09-20 08:54:29 -0400},
	Date-Modified = {2011-09-20 08:56:57 -0400},
	Month = {Dates},
	Pages = {134-156},
	Title = {Article Title},
	Volume = {N},
	Year = {19xx}}

@article{journal,
	Author = {B. Author(s)},
	Date-Added = {2011-09-20 08:44:41 -0400},
	Date-Modified = {2011-09-20 09:06:40 -0400},
	Journal = {Journal Name in Italic},
	Pages = {34-89},
	Title = {Title},
	Volume = {in Bold},
	Year = {19xx}}
